@misc{nasa:gravity,
author={NASA},
title={Earths Gravity Field : Image of the Day},
note={[Online, \url{https://earthobservatory.nasa.gov/IOTD/view.php?id=3666}]}
}

@article{movableType,
title={Calculate Distance and bearing between two Latitude/Longitude points using haversine forumla in Javascript},
author={Movable Type Ltd},
note={[Online, \url{http://www.movable-type.co.uk/scripts/latlong.html}]}
}

@article{wolframHaversine,
title = {Haversine Wolfram Language Documentation},
author={Wolfram Technologies},
note={[Online, \url{http://reference.wolfram.com/language/ref/Haversine.html}, see SphereDistance under applications for the function I'm using]}
}

@article{barnes_hut,
title = {The Barnes-Hut Algorithm},
author = {Ventimiglia, Tom and Wayne, Kevin},
note={[Online, \url{http://arborjs.org/docs/barnes-hut}]}
}

@article{egregium,
title={Differential Geometry of Curves and Surfaces: Gauss' Theorema Egregium},
author={Mare, Augustin-Liviu},
note={[Online, \url{http://uregina.ca/~mareal/cs6.pdf}]}
}

@article{qsc,
title={Quadrilateralized Spherical Cube},
author={Warmerdam, Frank and Evenden, Gerald},
note={[Online, \url{http://proj4.org/projections/qsc.html}]}
}

